<record><leader>00000cas a2200000 a 4500</leader><controlfield tag="001">12948180</controlfield><controlfield tag="008">851221d18641865iauwr ne      0    0eng c</controlfield><datafield ind1=" " ind2=" " tag="010"><subfield code="a">sn 85049900 </subfield></datafield><datafield ind1=" " ind2=" " tag="040"><subfield code="a">INP</subfield><subfield code="b">eng</subfield><subfield code="c">INP</subfield><subfield code="d">OCL</subfield><subfield code="d">CUI</subfield><subfield code="d">OCLCQ</subfield><subfield code="d">OCLCF</subfield></datafield><datafield ind1="1" ind2=" " tag="029"><subfield code="a">AU@</subfield><subfield code="b">000025786553</subfield></datafield><datafield ind1=" " ind2=" " tag="042"><subfield code="a">pcc</subfield></datafield><datafield ind1=" " ind2=" " tag="043"><subfield code="a">n-us-ia</subfield></datafield><datafield ind1=" " ind2="4" tag="050"><subfield code="a">AN</subfield></datafield><datafield ind1="0" ind2=" " tag="130"><subfield code="a">Argus (Burlington, Iowa)</subfield></datafield><datafield ind1="1" ind2="4" tag="245"><subfield code="a">The argus.</subfield></datafield><datafield ind1="3" ind2=" " tag="246"><subfield code="a">Weekly argus</subfield><subfield code="f">Jan. 7, 1864-&lt;May 4, 1865&gt;</subfield></datafield><datafield ind1="3" ind2=" " tag="246"><subfield code="a">Burlington argus</subfield></datafield><datafield ind1=" " ind2=" " tag="260"><subfield code="a">Burlington [Iowa] :</subfield><subfield code="b">G.M. Todd,</subfield><subfield code="c">1864-</subfield></datafield><datafield ind1=" " ind2=" " tag="300"><subfield code="a">v. :</subfield><subfield code="b">ill. (chiefly advertisements) ;</subfield><subfield code="c">48 cm.</subfield></datafield><datafield ind1=" " ind2=" " tag="310"><subfield code="a">Weekly</subfield></datafield><datafield ind1="0" ind2=" " tag="362"><subfield code="a">Vol. 2, no. 34 (Jan. 7, 1864)-</subfield></datafield><datafield ind1="1" ind2=" " tag="362"><subfield code="a">Ceased in 1865?</subfield><subfield code="z">Cf. Bibl. of Iowa newspapers.</subfield></datafield><datafield ind1=" " ind2=" " tag="500"><subfield code="a">Editor: G.M. Todd, &lt;May 4, 1865&gt;.</subfield></datafield><datafield ind1=" " ind2="0" tag="651"><subfield code="a">Burlington (Iowa)</subfield><subfield code="v">Newspapers.</subfield></datafield><datafield ind1=" " ind2="0" tag="651"><subfield code="a">Des Moines County (Iowa)</subfield><subfield code="v">Newspapers.</subfield></datafield><datafield ind1=" " ind2="7" tag="655"><subfield code="a">Newspapers.</subfield><subfield code="2">fast</subfield><subfield code="0">(OCoLC)fst01423814</subfield></datafield><datafield ind1=" " ind2="7" tag="651"><subfield code="a">Iowa</subfield><subfield code="z">Burlington.</subfield><subfield code="2">fast</subfield><subfield code="0">(OCoLC)fst01216205</subfield></datafield><datafield ind1=" " ind2="7" tag="651"><subfield code="a">Iowa</subfield><subfield code="z">Des Moines County.</subfield><subfield code="2">fast</subfield><subfield code="0">(OCoLC)fst01213454</subfield></datafield><datafield ind1=" " ind2=" " tag="752"><subfield code="a">United States</subfield><subfield code="b">Iowa</subfield><subfield code="c">Des Moines</subfield><subfield code="d">Burlington.</subfield></datafield><datafield ind1="0" ind2=" " tag="775"><subfield code="t">Burlington daily argus</subfield></datafield><datafield ind1="0" ind2="0" tag="780"><subfield code="t">Burlington weekly argus (Burlington, Iowa : 1862)</subfield><subfield code="w">(DLC)sn 85049913</subfield><subfield code="w">(OCoLC)12948178</subfield></datafield><datafield ind1="0" ind2="0" tag="785"><subfield code="t">Gazette and argus</subfield></datafield></record>